<record><leader>00000cas a22000007a 4500</leader><controlfield tag="001">26231094</controlfield><controlfield tag="008">920721d19uu19uutxudn ne      0    0eng d</controlfield><datafield ind1=" " ind2=" " tag="010"><subfield code="a">sn 92066415 </subfield></datafield><datafield ind1=" " ind2=" " tag="040"><subfield code="a">PPM</subfield><subfield code="b">eng</subfield><subfield code="c">PPM</subfield><subfield code="d">OCLCQ</subfield></datafield><datafield ind1=" " ind2=" " tag="042"><subfield code="a">msc</subfield></datafield><datafield ind1="0" ind2=" " tag="130"><subfield code="a">Morning standard (San Angelo, Tex.)</subfield></datafield><datafield ind1="1" ind2="4" tag="245"><subfield code="a">The morning standard.</subfield></datafield><datafield ind1="1" ind2="3" tag="246"><subfield code="a">Standard</subfield></datafield><datafield ind1=" " ind2=" " tag="260"><subfield code="a">San Angelo, Tex. :</subfield><subfield code="b">Murphy, Tupper &amp; Jones</subfield></datafield><datafield ind1=" " ind2=" " tag="300"><subfield code="a">v.</subfield></datafield><datafield ind1=" " ind2=" " tag="310"><subfield code="a">Daily (except Sun. and Mon.)</subfield></datafield><datafield ind1=" " ind2=" " tag="588"><subfield code="a">Description based on : vol. 1, no. 82 (Jan. 1, 1910).</subfield></datafield><datafield ind1=" " ind2=" " tag="752"><subfield code="a">United States</subfield><subfield code="b">Texas</subfield><subfield code="c">Tom Green</subfield><subfield code="d">San Angelo.</subfield></datafield><datafield ind1="0" ind2=" " tag="775"><subfield code="t">San Angelo daily standard</subfield><subfield code="w">(DLC)sn 86090550</subfield></datafield><datafield ind1="0" ind2=" " tag="775"><subfield code="t">San Angelo standard</subfield><subfield code="w">(DLC)sn 86090397</subfield></datafield></record>